@book{erpBasis,
    author      = {Martin Hesseler and Marcus Görtz},
    title       = {Basiswissen ERP-Systeme},
    subtitle    = {Auswahl, Einführung \& Einsatz betriebswirtschaftlicher Standardsoftware},
    year        = {2014},
    publisher   = {W3L AG Dortmund},
    isbn        = {978-3937137-38-4},
    edition     = {3. korrigierter Nachdruck},
    keywords    = {erp}
}
